%% LaTeX2e file `lie.bib'
%% generated by the `filecontents' environment
%% from source `lie' on 2024/03/29.
%%
 @book{Lee,
  author = {Lee, John M.},
  title = {Introduction to Smooth Manifolds},
  year = 2013,
  edition = "Second Edition"
 }
